%% This BibTeX bibliography file was created using BibDesk.
%% https://bibdesk.sourceforge.io/

%% Created for Shin-ichi YOSHIMOTO at 2022-02-10 09:59:09 +0900 


%% Saved with string encoding Unicode (UTF-8) 



@book{Yamamoto,
	author = {山本義隆 and 中村孔一},
	date-added = {2022-02-09 06:41:11 +0900},
	date-modified = {2022-02-10 09:58:35 +0900},
	publisher = {朝倉書店},
	title = {解析力学 I},
	year = {1998}}

@book{Fukaya,
	author = {深谷賢治},
	date-added = {2021-07-21 14:21:18 +0900},
	date-modified = {2021-08-05 17:37:15 +0900},
	publisher = {岩波書店},
	title = {解析力学と微分形式},
	year = {2004}}

@book{Shiga,
	author = {志賀浩二},
	date-added = {2021-07-16 14:39:00 +0900},
	date-modified = {2021-07-16 14:40:15 +0900},
	publisher = {朝倉書店},
	title = {ベクトル解析30講},
	year = {1989}}

@book{Arnold,
	author = {V. I. アーノルド},
	date-added = {2021-07-16 10:52:31 +0900},
	date-modified = {2021-07-16 10:55:14 +0900},
	publisher = {岩波書店},
	title = {古典力学の数学的方法},
	year = {1980}}
